@article{schlatter_orlu_2010,
  title={Assessment of direct numerical simulation data of turbulent boundary layers},
  author={Schlatter, Philipp and {\"O}rl{\"u}, Ramis},
  journal={Journal of Fluid Mechanics},
  volume={659},
  pages={116--126},
  year={2010},
  publisher={Cambridge University Press}
}